Бьерн Страуструп. Язык программирования С++. Пер. с англ.- М.: «Издательство БИНОМ», 2004. – 1098 с.
@book{stroustrup,
    author = "Бьерн Страуструп",
    title = "Язык программирования С++",
    year = 2004,
    address = "М.",
    publisher = "Издательство БИНОМ",
    pages = "1098",
    language = "russian"
}

Скляров В. А. Язык С++ и объектно-ориентированное программирование. Мн.: Выш.шк., 1997г. – 478 с.: ил
@book{sklyarov,
    author = "В. А. Скляров",
    title = "Язык С++ и объектно-ориентированное программирование",
    year = 1997,
    address = "М.",
    publisher = "Выш.шк.",
    pages = "478",
    language = "russian"
}

Фримен Э., Сьерра К., Бейтс Б. Паттерны проектирования. – «Питер», 2011 г. – 656 с.
@book{pattens,
    author = "Э. Фримен and К. Сьерра and Б. Бейтс",
    title = "Паттерны проектирования",
    year = 2004,
    address = "М.",
    publisher = "Питер",
    pages = "656",
    language = "russian"
}

Дьяконов В. П. Применение персональных ЭВМ и программирование на языке Бейсик. — М.: Радио и связь, 1989. — 288 с.
@book{djakov,
    author = "В. П. Дьяков",
    title = "Применение персональных ЭВМ и программирование на языке Бейсик",
    year = 1989,
    address = "М.",
    publisher = "Радио и связь",
    pages = "288",
    language = "russian"
}

Галовиц Я. С++17 STL. Стандартная библиотека шаблонов. — СПб.: Питер, 2018. — 432 с.: ил. — (Серия «Библиотека программиста»). ISBN 978-5-4461-0680-6
@book{galowicz,
  author = "Я. Галовиц",
  title = "C++17 STL. Стандартная библиотека шаблонов.",
  year = 2018,
  publisher = "Питер",
  pages = "432",
  language = "russian"
}

// Robert Nystrom. Crafting interpreters 
@book{nystrom,
  title = "Crafting interpreters",
  author = "R Nystrom",
  year = 2021,
  publisher = "Genever Benning",
  isbn = "9780990582939",
  pages = 640,
  language = "english"
}
