+
@book{usb,
  title     = {Universal Serial Bus 3.1 Specification, Revision 1.0}, 
  year      = {2013},
  publisher = {Hewlett-Packard Company, Intel Corporation, Microsoft Corporation, Renesas Corporation, ST-
Ericsson, and Texas Instruments}
}

+
@book{hid,
  title={Device Class Definition for Human Interface Devices (HID): Firmware Specification — 5/27/01, Version 1.11},
  year={2001},
  publisher={USB Implementer's Forum}
}

+
@book{ldd3,
    author = {Jonathan Corbet and Alessandro Rubini and Greg Kroah-Hartman},
    title = {Linux Device Drivers, 3rd Edition},
    year = {2005},
    isbn = {0596005903},
    publisher = {O'Reilly Media, Inc.},
    abstract = {Over the years, this bestselling guide has helped countless programmers learn how to support computer peripherals under the Linux operating system, and how to develop new hardware under Linux. Now, with this third edition, it's even more helpful, covering all the significant changes to Version 2.6 of the Linux kernel. Includes full-featured examples that programmers can compile and run without special hardware.}
}

@inproceedings{verification,
    author = {Willem Penninckx and Jan Tobias M\"{u}hlberg and Jan Smans and Bart Jacobs and Frank Piessens},
    title = {Sound Formal Verification of Linux's USB BP Keyboard Driver},
    year = {2012},
    isbn = {9783642288906},
    publisher = {Springer-Verlag},
    address = {Berlin, Heidelberg},
    doi = {10.1007/978-3-642-28891-3_21},
    abstract = {Case studies on formal software verification can be divided into two categories: while (i) unsound approaches may miss errors or report false-positive alarms due to coarse abstractions, (ii) sound approaches typically do not handle certain programming constructs like concurrency and/or suffer from scalability issues. This paper presents a case study on successfully verifying the Linux USB BP keyboard driver. Our verification approach is (a) sound, (b) takes into account dynamic memory allocation, complex API rules and concurrency, and (c) is applied on a real kernel driver which was not written with verification in mind. We employ VeriFast, a software verifier based on separation logic. Besides showing that it is possible to verify this device driver, we identify the parts where the verification went smoothly and the parts where the verification approach requires further research to be carried out.},
    booktitle = {Proceedings of the 4th International Conference on NASA Formal Methods},
    pages = {210–215},
    numpages = {6},
    location = {Norfolk, VA},
    series = {NFM'12}
}

+
@misc{osdev,
    title = {USB Human Interface Devices [Электронный ресурс]},
    note  = {Режим доступа : \url{https://wiki.osdev.org/USB_Human_Interface_Devices}},
    year  = {Дата доступа : 16.03.2023},
}

+
@Misc{deskthority,
    title	= {Scancode - Deskthority wiki [Электронный ресурс]},
    note	= {Режим доступа : \url{https://deskthority.net/wiki/Scancode}},
    year	= {Дата доступа : 25.04.2023},
}

+
@Misc{scancodes,
    title	= {Table: keyboard-internal scancodes [Электронный ресурс]},
    note	= {Режим доступа : \url{https://www.win.tue.nl/~aeb/linux/kbd/scancodes-10.html#ss10.6}},
    year	= {Дата доступа : 16.03.2023},
}

+
@misc{rubini,
  author       = {Alessandro Rubini},
  title        = {Usb Device Drivers [Электронный ресурс]},
  note         = {Режим доступа : \url{https://www.linux.it/~rubini/docs/usb/usb.html}},
  year         = {Дата доступа : 12.04.2023},
}

+
@misc{kbuild,
    title   = {Building External Modules [Электронный ресурс]},
    note    = {Режим доступа : \url{https://git.kernel.org/pub/scm/linux/kernel/git/stable/linux.git/tree/Documentation/kbuild/modules.rst}},
    year    = {Дата доступа : 02.03.2023},
}

+
@misc{usbapi,
    title      = {Linux USB API [Электронный ресурс]},
    note       = {Режим доступа : \url{https://www.kernel.org/doc/html/v4.15/driver-api/usb/index.html}},
    year       = {Дата доступа : 01.04.2023},
}

+
@misc{inputsubsystem,
  title        = {Input Subsystem [Электронный ресурс]},
  note         = {Режим доступа : \url{https://www.kernel.org/doc/html/v4.17/driver-api/input.html}},
  year         = {Дата доступа : 01.04.2023},
}

+
@misc{dma,
  title        = {Dynamic DMA Mapping Guide [Электронный ресурс]},
  note         = {Режим доступа : \url{https://docs.kernel.org/core-api/dma-api-howto.html}},
  year         = {Дата доступа : 02.05.2023},
}