@book{lua,
    author       = "Ю. А. Луцик and И. В. Лукьянова",
    title        = "Арифметические и логические основы вычислительной техники",
    year         = "2014",
    address      = "Минск",
    publisher    = "БГУИР",
    pages        = "174",
    language     = "russian"
}

@book{automats,
    author       = "О. П. Кузнецов and Г. М. Адельсон-Вельский",
    title        = "Автоматы. Дискретная математика для инженера",
    year         = "1980",
    address      = "М.",
    publisher    = "Энергия",
    pages        = "344",
    language     = "russian"
}