Мандель И. Д. Кластерный анализ. — М.: Финансы и статистика, 1988. — 176 с.
@book{mandel,
    author = "И. Д. Мандель",
    title = "Кластерный анализ",
    year = 1988,
    address = "М.",
    publisher = "Финансы и статистика",
    pages = "176",
    language = "russian"
}

Фёрстер Э., Рёнц Б., Методы корреляционного и регрессионного анализа, 1983, с. 304.
@book{foerster,
    author = "Э. Фёрстер and Б. Рёнц",
    title = "Методы корреляционного и регрессионного анализа",
    year = 1983,
    pages = "304",
    language = "russian"
}

Гольденберг Л. М., Матюшкин Б. Д., Поляк М. Н. Цифровая обработка сигналов: Справочник. — М.: Радио и связь, 1985, с. 312
@book{goldenberg,
    author = "Л. М. Гольденберг and Б. Д. Матюшкин. and М. Н. Поляк",
    title = "Цифровая обработка сигналов: Справочник",
    year = 1985,
    address = "М.",
    publisher = "Радио и связь",
    pages = "312",
    language = "russian"
}

Галушкин А. И. Синтез многослойных систем распознавания образов. — М.: «Энергия», 1974.
@book{galushkin,
    author = "А. И. Галушкин",
    title = "Синтез многослойных систем распознавания образов",
    year = 1974,
    address = "М.",
    publisher = "«Энергия»",
    pages = "368",
    language = "russian"
}

Yann LeCun — Gradient-Based Learning Applied to Document Recognition, 1998
@book{lecun,
    author = "Y. Lecun and B. Boser and J. S. Denker and D. Henderson and R. E. Howard and W. Hubbard and L. D. Jackel",
    title = "Backpropagation applied to handwritten zip code recognition",
    year = 1989,
    volume = "1",
    publisher = "Neural Computatation",
    pages = "541-551",
    language = "russian"
}

@article{matsugu,
    title = {Subject independent facial expression recognition with robust face detection using a convolutional neural network},
    journal = {Neural Networks},
    volume = {16},
    number = {5},
    pages = {555-559},
    year = {2003},
    note = {Advances in Neural Networks Research: IJCNN '03},
    issn = {0893-6080},
    author = {Masakazu Matsugu and Katsuhiko Mori and Yusuke Mitari and Yuji Kaneda},
}

@Misc{asr_end2end,
  title  = "Обзор методов улучшения речи и шумоподавления: от классики к SotA [Электронный ресурс]",
  note  = "Режим доступа : \url{http://habr.com/ru/company/ru_mts/blog/584308/}",
  year = 2021,
  language = "russian"
}

Не прописан режим доступа и указание на электронный ресурс
@Misc{wavenet,
    title	= {WaveNet: A Generative Model for Raw Audio},
    author	= {Aäron van den Oord and Sander Dieleman and Heiga Zen and Karen Simonyan and Oriol Vinyals and Alexander Graves and Nal Kalchbrenner and Andrew Senior and Koray Kavukcuoglu},
    year	= {2016},
    note	= {\url{https://arxiv.org/abs/1609.03499}}
}

@article{tasnet,
    title={TaSNet: Time-Domain Audio Separation Network for Real-Time, Single-Channel Speech Separation},
    author={Yi Luo and Nima Mesgarani},
    journal={2018 IEEE International Conference on Acoustics, Speech and Signal Processing (ICASSP)},
    year={2018},
    pages={696-700}
}

@Misc{skype,
    title = "Шум на заднем фоне во время видеозвонков может сильно мешать. Функция шумоподавления в Скайпе избавит вас от этой проблемы! [Электронный ресурс]",
    note = "Режим доступа : \url{https://www.skype.com/ru/blogs/2021-02-noise-cancellation/}",
    year = 2021,
    language = "russian"
}