@book{esbe,
    title={Энциклопедический словарь Брокгауза и Ефрона},
    volume={40},
    author={Брокгауз, Ф.А.},
    isbn={9785458053150},
    publisher={Рипол Классик},
    language="russian"
}

@book{yavorskiy,
    title={Справочник по физике},
    author={Б. М. Яворский and А. А. Детлаф},
    publisher={изд. «Наука»},
    year={1979},
    language="russian"
}

@book{usb,
  title     = {Universal Serial Bus 3.1 Specification, Revision 1.0}, 
  year      = {2013},
  publisher = {Hewlett-Packard Company, Intel Corporation, Microsoft Corporation, Renesas Corporation, ST-Ericsson, and Texas Instruments}
}

@misc{trigger,
  title={Запуск (Триггер) - КИПиС [Электронный ресурс]},
  note={Режим доступа : \url{https://www.kipis.ru/info/index.php?ELEMENT_ID=3097}},
  year={Дата доступа : 16.11.2023},
}

@misc{clamper,
  title={Clamper circuits - Positive clamper, Negative clamper and Biased clamper  [Электронный ресурс]},
  note={Режим доступа : \url{https://www.physics-and-radio-electronics.com/electronic-devices-and-circuits/rectifier/clampercircuits.html}},
  year={Дата доступа : 16.11.2023},
}

@misc{pic18f13k50,
    title={PIC18F13K50 Datasheet, PDF - Alldatasheet [Электронный ресурс]},
    note={Режим доступа : \url{https://www.alldatasheet.com/datasheet-pdf/pdf/348751/MICROCHIP/PIC18F13K50.html}},
    year={Дата доступа : 22.11.2023},
}

@misc{mpc6024,
    title={MPC6024 Datasheet, PDF - Alldatasheet [Электронный ресурс]},
    note={Режим доступа \url{https://www.alldatasheet.com/datasheet-pdf/pdf/99101/MICROCHIP/MCP6024.html}},
    year={Дата доступа : 22.11.2023},
}

@misc{fcd,
    title={Что такое частотно-компенсированный делитель напряжения или для чего на входе осциллографа параллельно резисторам ставят конденсаторы [Электронный ресурс]},
    note={Режим доступа : \url{https://hubstub.ru/circuit-design/146-chto-takoe-chastotno-kompensirovannyy-delitel-napryazheniya
    -ili-dlya-cheg.o-na-vhode-oscillografa-parallelno-rezistoram-stavyat-kondensatory.html}},
    year={Дата доступа : 22.11.2023},
}